
@online{rimewebsite,
    author = {Rongshi Ju},
    title = "RIME | 中州韵输入法引擎",
    url = "https://rime.im/",
    addendum = "(accessed: 12.2.2021)"
}

@misc{rimegithub,
  author = {Rongshi Ju},
  title = {Rime Essay},
  year = {2021},
  publisher = {GitHub},
  journal = {GitHub repository},
  howpublished = {\url{https://github.com/rime/rime-essay/blob/master/essay.txt}}
}

@misc{pinyingithub, 
  author = {hotoo},
  title = {pinyin},
  year = {2021},
  publisher = {GitHub},
  journal = {GitHub repository},
  howpublished = {\url{https://github.com/hotoo/pinyin/blob/master/data/dict-zi.js}}
}

@article{moonime,
    author = {Yafang Huang and Zuchao Li and Zhuosheng Zhang and Hai Zhao}, 
    title = {Moon IME: Neural-based Chinese Pinyin Aided Input Method with Customizable Association}, 
    journal = {Proceedings of the 56th Annual Meeting of the Association for Computational Linguistics-System Demonstrations}, 
    pages = {140--145},
    year = {2018}, 
    DOI = {10.18653/v1/P18-4024}
}

@article{smoothing, 
    author = {Chen, Stanley F. and Joshua Goodman}, 
    title = {An Empirical Study of Smoothing
Techniques for Language Modeling}, 
    journal = {Harvard Computer Science Group Technical Report TR-10-98}, 
    pages = {2--63}, 
    year = {1998}
}

@article{jointgraph, 
    author = {Zhongye Jia and Hai Zhao}, 
    title = {A Joint Graph Model for Pinyin-to-Chinese Conversion
with Typo Correction},
    journal = {Proceedings of the 52nd Annual Meeting of the Association for Computational Linguistics}, 
    pages = {1512--1523}, 
    year = {2014}
}


@article{corpus,
    author = {D. Goldhahn and T. Eckart and U. Quasthoff}, 
    title = {Building Large Monolingual Dictionaries at the Leipzig Corpora Collection: From 100 to 200 Languages}, 
    journal = {Proceedings of the 8th International Language Resources and Evaluation (LREC'12)}, 
    year = {2012}
}

